<?xml version="1.0" encoding="UTF-8"?><collection xmlns="http://www.loc.gov/MARC21/slim"><record><leader>00436nam--2200169-i-4500</leader><controlfield tag="001">000049345</controlfield><controlfield tag="002">20161230</controlfield><controlfield tag="005">20170113005138</controlfield><controlfield tag="008">060222s1000------------r-----000-0-eng-d</controlfield><datafield ind1=" " ind2=" " tag="080"><subfield code="a">547.466</subfield></datafield><datafield ind1=" " ind2=" " tag="245"><subfield code="a">The chemistry of the amino group</subfield></datafield><datafield ind1=" " ind2=" " tag="260"><subfield code="a">London</subfield><subfield code="b">Interscience Publ</subfield><subfield code="c">1968</subfield></datafield><datafield ind1=" " ind2=" " tag="300"><subfield code="a">XIII+813 p</subfield></datafield><datafield ind1=" " ind2=" " tag="490"><subfield code="a">The Chemistry Of Functional Groups</subfield></datafield><datafield ind1=" " ind2=" " tag="700"><subfield code="a">Patai, Saul</subfield></datafield><datafield ind1=" " ind2=" " tag="852"><subfield code="a">29648</subfield></datafield><datafield ind1=" " ind2=" " tag="CAT"><subfield code="a">SYS</subfield><subfield code="c">20170113</subfield><subfield code="h">005138</subfield></datafield></record></collection>